<record><leader>00000cas a22000007a 4500</leader><controlfield tag="001">24340379</controlfield><controlfield tag="008">910906d19121913ohuwr ne      0    0eng d</controlfield><datafield ind1=" " ind2=" " tag="010"><subfield code="a">sn 91069255 </subfield></datafield><datafield ind1=" " ind2=" " tag="040"><subfield code="a">ONP</subfield><subfield code="b">eng</subfield><subfield code="c">ONP</subfield><subfield code="d">OCLCQ</subfield></datafield><datafield ind1=" " ind2=" " tag="042"><subfield code="a">msc</subfield></datafield><datafield ind1="0" ind2=" " tag="130"><subfield code="a">Elyria Republican and telegram (Elyria, Ohio : 1912)</subfield></datafield><datafield ind1="1" ind2="4" tag="245"><subfield code="a">The Elyria Republican and telegram.</subfield></datafield><datafield ind1="1" ind2="3" tag="246"><subfield code="a">Elyria telegram</subfield></datafield><datafield ind1="1" ind2="7" tag="246"><subfield code="a">Weekly Republican</subfield></datafield><datafield ind1=" " ind2=" " tag="260"><subfield code="a">Elyria, Ohio :</subfield><subfield code="b">Republican Print. Co.,</subfield><subfield code="c">1912-1913.</subfield></datafield><datafield ind1=" " ind2=" " tag="300"><subfield code="a">v.</subfield></datafield><datafield ind1=" " ind2=" " tag="310"><subfield code="a">Weekly</subfield></datafield><datafield ind1="0" ind2=" " tag="362"><subfield code="a">81st year, no. 7 (Dec. 5, 1912)-81st year, no. 15 (Jan. 30, 1913).</subfield></datafield><datafield ind1=" " ind2=" " tag="752"><subfield code="a">United States</subfield><subfield code="b">Ohio</subfield><subfield code="c">Lorain</subfield><subfield code="d">Elyria.</subfield></datafield><datafield ind1="0" ind2="0" tag="780"><subfield code="t">Elyria Republican and evening telegram</subfield><subfield code="w">(DLC)sn 91069254</subfield></datafield><datafield ind1="0" ind2="0" tag="785"><subfield code="t">Elyria Republican and weekly telegram. (Elyria, Ohio : 1913)</subfield><subfield code="w">(DLC)sn 91069256</subfield></datafield></record>